@book{gplv3,
    author       = {Free Software Foundation},
    title        = {{GNU} {G}eneral {P}ublic {L}icense},
    version      = {3},
    shorthand    = {GPL},
	note = {\url{https://jj.github.io/curso-tdd/temas/dise\%C3\%B1o.html}},
}

@book{agile_book,
	author       = {Schwaber K., Beedle M.},
	title        = {Agile Software Development with {S}crum},
	year         = {2002},
	publisher={Prentice Hall},
	edition={1}
}

@book{py-repo-pattern,
  title={Architecture Patterns with Python: Enabling Test-Driven Development, Domain-Driven Design, and Event-Driven Microservices},
  author={Harry Percival, Bob Gregory},
  year={2020},
  publisher={O'Reilly Media},
  edition = {1}
}

@book{dddjj,
	author       = {Juan Julián Merelo Guervós},
	title        = {Diseño dirigido por el dominio},
	publisher = {\url{https://jj.github.io/curso-tdd/temas/dise\%C3\%B1o.html}},
	year      = {2022},
	edition = {1}
}

@book{ddd_book,
	author       = {Evans E. J., Fowler M.},
	title        = {Domain-Driven-Design - Tackling Complexity in the Heart of Software},
	year = {2004},
	publisher={Addison-Wesley.},
    edition = {1}
}
